@article{bib:1,
author = {Summerville, Adam and Snodgrass, Sam and Guzdial, Matthew and Holmg√•rd, Christoffer and Hoover, Amy and Isaksen, Aaron and Nealen, Andy and Togelius, Julian},
year = {2017},
month = {02},
pages = {},
title = {Procedural Content Generation via Machine Learning (PCGML)},
volume = {PP},
journal = {IEEE Transactions on Games},
doi = {10.1109/TG.2018.2846639}
}

@inproceedings{bib:2,
 author = {Karth, Isaac and Smith, Adam M.},
 title = {WaveFunctionCollapse is Constraint Solving in the Wild},
 booktitle = {Proceedings of the 12th International Conference on the Foundations of Digital Games},
 series = {FDG '17},
 year = {2017},
 isbn = {978-1-4503-5319-9},
 location = {Hyannis, Massachusetts},
 pages = {68:1--68:10},
 articleno = {68},
 numpages = {10},
 url = {http://doi.acm.org/10.1145/3102071.3110566},
 doi = {10.1145/3102071.3110566},
 acmid = {3110566},
 publisher = {ACM},
 address = {New York, NY, USA},
 keywords = {constraint solving, procedural content generation, texture synthesis},
}

@article{bib:3,
  author    = {Isaac Karth and
               Adam M. Smith},
  title     = {Addressing the Fundamental Tension of {PCGML} with Discriminative
               Learning},
  journal   = {CoRR},
  volume    = {abs/1809.04432},
  year      = {2018},
  url       = {http://arxiv.org/abs/1809.04432},
  archivePrefix = {arXiv},
  eprint    = {1809.04432},
  timestamp = {Fri, 05 Oct 2018 11:34:52 +0200},
  biburl    = {https://dblp.org/rec/bib/journals/corr/abs-1809-04432},
  bibsource = {dblp computer science bibliography, https://dblp.org}
}

@inbook{bib:4,
author = {Liapis, Antonios and Smith, Gillian and Shaker, Noor},
year = {2016},
month = {10},
pages = {195-214},
title = {Mixed-initiative content creation},
isbn = {978-3-319-42714-0},
doi = {10.1007/978-3-319-42716-4_11}
}

@article{bib:5,
author = {Togelius, Julian and Kastbjerg, Emil and Schedl, David and Yannakakis, Georgios},
year = {2011},
month = {01},
pages = {},
title = {What is Procedural Content Generation? Mario on the borderline},
doi = {10.1145/2000919.2000922}
}

@article{bib:6,
  author    = {Fran{\c{c}}ois Chollet},
  title     = {On the Measure of Intelligence},
  journal   = {CoRR},
  volume    = {abs/1911.01547},
  year      = {2019},
  url       = {http://arxiv.org/abs/1911.01547},
  archivePrefix = {arXiv},
  eprint    = {1911.01547},
  timestamp = {Sun, 01 Dec 2019 17:16:01 +0100},
  biburl    = {https://dblp.org/rec/bib/journals/corr/abs-1911-01547},
  bibsource = {dblp computer science bibliography, https://dblp.org}
}

@article{bib:7,
 author = {Yannakakis, Georgios N. and Togelius, Julian},
 title = {Experience-Driven Procedural Content Generation},
 journal = {IEEE Trans. Affect. Comput.},
 issue_date = {July 2011},
 volume = {2},
 number = {3},
 month = jul,
 year = {2011},
 issn = {1949-3045},
 pages = {147--161},
 numpages = {15},
 url = {https://doi.org/10.1109/T-AFFC.2011.6},
 doi = {10.1109/T-AFFC.2011.6},
 acmid = {2052020},
 publisher = {IEEE Computer Society Press},
 address = {Los Alamitos, CA, USA},
 keywords = {Procedural content generation, adaptation, computer games., personalization, user affect, user experience},
} 
